<record><leader>00000cas a2200000Ia 4500</leader><controlfield tag="001">32128243</controlfield><controlfield tag="008">950310c19779999meudn n       0    0eng d</controlfield><datafield ind1=" " ind2=" " tag="010"><subfield code="a">sn 99066557 </subfield></datafield><datafield ind1=" " ind2=" " tag="040"><subfield code="a">UNB</subfield><subfield code="b">eng</subfield><subfield code="c">UNB</subfield><subfield code="d">MBN</subfield><subfield code="d">OCLCQ</subfield></datafield><datafield ind1=" " ind2=" " tag="043"><subfield code="a">n-us-me</subfield></datafield><datafield ind1=" " ind2=" " tag="096"><subfield code="a">PERIOD</subfield></datafield><datafield ind1="0" ind2="0" tag="245"><subfield code="a">Journal tribune.</subfield></datafield><datafield ind1="3" ind2="0" tag="246"><subfield code="a">Journal tribune weekend</subfield></datafield><datafield ind1=" " ind2=" " tag="260"><subfield code="a">Biddeford, ME :</subfield><subfield code="b">W. Paul Casavant</subfield></datafield><datafield ind1=" " ind2=" " tag="300"><subfield code="a">v. :</subfield><subfield code="b">ill. ;</subfield><subfield code="c">58 cm.</subfield></datafield><datafield ind1=" " ind2=" " tag="310"><subfield code="a">Daily (except Sun. and holidays),</subfield><subfield code="b">Oct. 10, 1977-</subfield></datafield><datafield ind1=" " ind2=" " tag="321"><subfield code="a">Daily (except Sun.),</subfield><subfield code="b">May 2-Oct. 8, 1977</subfield></datafield><datafield ind1="0" ind2=" " tag="362"><subfield code="a">Vol. 93, no. 102 (May 2, 1977)-</subfield></datafield><datafield ind1=" " ind2=" " tag="500"><subfield code="a">Published a Sanford area edition and a Kennebunk-Wells edition, May 2, 1977-Dec. 31, 1983.</subfield></datafield><datafield ind1=" " ind2=" " tag="500"><subfield code="a">Saturday issue called: Journal tribune weekend, Aug. 6, 1988-</subfield></datafield><datafield ind1=" " ind2=" " tag="580"><subfield code="a">Formed by the union of: Sanford tribune (Sanford, Me. : 1950), and: Biddeford-Saco journal.</subfield></datafield><datafield ind1=" " ind2="0" tag="651"><subfield code="a">Biddeford (Me.)</subfield><subfield code="v">Newspapers.</subfield></datafield><datafield ind1=" " ind2="0" tag="651"><subfield code="a">Saco (Me.)</subfield><subfield code="v">Newspapers.</subfield></datafield><datafield ind1=" " ind2="2" tag="650"><subfield code="a">Newspapers.</subfield></datafield><datafield ind1=" " ind2=" " tag="752"><subfield code="a">United States</subfield><subfield code="b">Maine</subfield><subfield code="c">York</subfield><subfield code="d">Biddeford.</subfield></datafield><datafield ind1="1" ind2="4" tag="780"><subfield code="t">Sanford tribune (Sanford, Me. : 1950)</subfield><subfield code="w">(DLC)sn 97062785</subfield></datafield><datafield ind1="1" ind2="4" tag="780"><subfield code="t">Biddeford-Saco journal</subfield><subfield code="w">(DLC)sn 97062658</subfield></datafield></record>